@article{burcsi2012algorithms,
  title={Algorithms for jumbled pattern matching in strings},
  author={Burcsi, Peter and Cicalese, Ferdinando and Fici, Gabriele and Liptak, Zsuzsanna},
  journal={International Journal of Foundations of Computer Science},
  volume={23},
  number={02},
  pages={357--374},
  year={2012},
  publisher={World Scientific}
}

@inproceedings{amir2014hardness,
  title={On hardness of jumbled indexing},
  author={Amir, Amihood and Chan, Timothy M and Lewenstein, Moshe and Lewenstein, Noa},
  booktitle={International Colloquium on Automata, Languages, and Programming},
  pages={114--125},
  year={2014},
  organization={Springer}
}

@article{FiatNaor00,
  title={Rigorous time/space trade-offs for inverting functions},
  author={Fiat, Amos and Naor, Moni},
  journal={SIAM Journal on Computing},
  volume={29},
  number={3},
  pages={790--803},
  year={2000},
  publisher={SIAM}
}