@article{FiatNaor00,
  title={Rigorous time/space trade-offs for inverting functions},
  author={Fiat, Amos and Naor, Moni},
  journal={SIAM Journal on Computing},
  volume={29},
  number={3},
  pages={790--803},
  year={2000},
  publisher={SIAM}
}

@article{GolovnevGuHo19,
  title={3SUM with preprocessing: Algorithms, lower bounds and cryptographic applications},
  author={Golovnev, Alexander and Guo, Siyao and Horel, Thibaut and Park, Sunoo and Vaikuntanathan, Vinod},
  journal={arXiv preprint arXiv:1907.08355},
  year={2019}
}